%% This BibTeX bibliography file was created using BibDesk.
%% https://bibdesk.sourceforge.io/

%% Created for Hatsune Miku at 2023-01-19 14:40:09 -0330 


%% Saved with string encoding Unicode (UTF-8) 



@inproceedings{6949047,
	author = {Saxena, Piyush and Kumar, Praveen},
	booktitle = {2014 5th International Conference - Confluence The Next Generation Information Technology Summit (Confluence)},
	date-added = {2023-01-19 14:24:04 -0330},
	date-modified = {2023-01-19 14:40:03 -0330},
	doi = {10.1109/CONFLUENCE.2014.6949047},
	pages = {30-35},
	title = {Performance evaluation of HDD and SSD on 10GigE, IPoIB \& RDMA-IB with Hadoop Cluster Performance Benchmarking System},
	year = {2014},
	bdsk-url-1 = {https://doi.org/10.1109/CONFLUENCE.2014.6949047}}

@inproceedings{8946136,
	author = {Mironov, Vladimir and Chernykh, Igor and Kulikov, Igor and Moskovsky, Alexander and Epifanovsky, Evgeny and Kudryavtsev, Andrey},
	booktitle = {2019 IEEE/ACM Workshop on Memory Centric High Performance Computing (MCHPC)},
	date-added = {2023-01-19 14:24:04 -0330},
	date-modified = {2023-01-19 14:40:08 -0330},
	doi = {10.1109/MCHPC49590.2019.00008},
	pages = {1-6},
	title = {Performance Evaluation of the Intel Optane DC Memory With Scientific Benchmarks},
	year = {2019},
	bdsk-url-1 = {https://doi.org/10.1109/MCHPC49590.2019.00008}}
